@incollection{doyen2014explicit,
  title={An explicit staggered finite volume scheme for the shallow water},
  author={Doyen, David and Gunawan, Putu Harry},
  booktitle={Finite Volumes for Complex Applications VII-Methods and Theoretical Aspects},
  pages={227--235},
  year={2014},
  publisher={Springer}
}
@article{gunawan2015hydrostatic,
  title={Hydrostatic relaxation scheme for the 1D shallow water-Exner equations in bedload transport},
  author={Gunawan, Putu Harry and Lh{\'e}brard, Xavier},
  journal={Computers \& Fluids},
  volume={121},
  pages={44--50},
  year={2015},
  publisher={Elsevier}
}
@book{toro2013riemann,
  title={Riemann solvers and numerical methods for fluid dynamics: a practical introduction},
  author={Toro, Eleuterio F},
  year={2013},
  publisher={a}
}
@online{bps1,
	title={Ranking Devisa Pariwisata Terhadap Komoditas Ekspor Lainnya tahun 2004-2009},
	author={BPS},
	year={2009},
	howpublished="\url{ http://www.budpar.go.id/filedata/5436_1695-Rankingdevisa.pdf }",
	publisher={Badan Pusat Statistika},
	note={accessed 5 November 2016}
}
@online{bps2,
	title={Jumlah Wisatawan Asing Tahun 1974 - 2014, Devisa Wisman 1998-2014 dan Tingkat Penghunian Kamar (TPK) Hotel Bintang dan Non Bintang Tahun 1985 - 2014},
	author={BPS},
	year={2016},
	howpublished="\url{ https://www.bps.go.id/linkTabelStatis/view/id/1393 }",
	publisher={Badan Pusat Statistika},
	note={accessed 5 November 2016}
}
@book{ricci2011book,
  title={Introduction to recommender systems handbook},
  author={Ricci, Francesco and Rokach, Lior and Shapira, Bracha},
  year={2011},
  publisher={Springer}
}
@inproceedings{alhazbi2013,
  title={Ontology-based model in tourism context-aware systems},
  author={Alhazbi, Saleh and Lotfi, Linah and Ali, Rahma and Suwailih, Reem},
  booktitle={2013 International Conference on ICT Convergence (ICTC)},
  pages={775--779},
  year={2013},
  organization={IEEE}
}
@inproceedings{jakkhupan2015,
  title={A context-aware personalized venue recommender system on smart device},
  author={Jakkhupan, Worapot and Rattanothai, Suparporn and Kaewonjing, Jiraprapa},
  booktitle={Wireless and Mobile (APWiMob), 2015 IEEE Asia Pacific Conference on},
  pages={202--207},
  year={2015},
  organization={IEEE}
}
@online{androidmarket,
	title={Strategy Analytics: Android Captures Record 88 Percent Share of Global Smartphone Shipments in Q3 2016},
	author={Linda Sui},
	date={2 November 2015},
	howpublished="\url{ http://qz.com/826672/android-goog-just-hit-a-record-88-market-share-of-all-smart
	phones/ }",
	year={2016},
	publisher={Strategy Analytics},
	note={accessed 5 November 2016}
}
@inproceedings{van2004context,
  title={Context-aware recommendations in the mobile tourist application COMPASS},
  author={Van Setten, Mark and Pokraev, Stanislav and Koolwaaij, Johan},
  booktitle={International Conference on Adaptive Hypermedia and Adaptive Web-Based Systems},
  pages={235--244},
  year={2004},
  organization={Springer}
}
@article{abowd1997cyberguide,
  title={Cyberguide: A mobile context-aware tour guide},
  author={Abowd, Gregory D and Atkeson, Christopher G and Hong, Jason and Long, Sue and Kooper, Rob and Pinkerton, Mike},
  journal={Wireless networks},
  volume={3},
  number={5},
  pages={421--433},
  year={1997},
  publisher={Springer-Verlag New York, Inc.}
}
@article{castillo2008samap,
  title={SAMAP: An user-oriented adaptive system for planning tourist visits},
  author={Castillo, Luis and Armengol, Eva and Onaind{\'\i}a, Eva and Sebasti{\'a}, Laura and Gonz{\'a}lez-Boticario, Jes{\'u}s and Rodr{\'\i}guez, Antonio and Fern{\'a}ndez, Susana and Arias, Juan D and Borrajo, Daniel},
  journal={Expert Systems with Applications},
  volume={34},
  number={2},
  pages={1318--1332},
  year={2008},
  publisher={Elsevier}
}
@article{moreno2013sigtur,
  title={Sigtur/e-destination: ontology-based personalized recommendation of tourism and leisure activities},
  author={Moreno, Antonio and Valls, Aida and Isern, David and Marin, Lucas and Borr{\`a}s, Joan},
  journal={Engineering Applications of Artificial Intelligence},
  volume={26},
  number={1},
  pages={633--651},
  year={2013},
  publisher={Elsevier}
}
@article{blanco2008flexible,
  title={A flexible semantic inference methodology to reason about user preferences in knowledge-based recommender systems},
  author={Blanco-Fern{\'a}ndez, Yolanda and Pazos-Arias, Jos{\'e} J and Gil-Solla, Alberto and Ramos-Cabrer, Manuel and L{\'o}pez-Nores, Mart{\'\i}n and Garc{\'\i}a-Duque, Jorge and Fern{\'a}ndez-Vilas, Ana and D{\'\i}az-Redondo, Rebeca P and Bermejo-Mu{\~n}oz, Jes{\'u}s},
  journal={Knowledge-Based Systems},
  volume={21},
  number={4},
  pages={305--320},
  year={2008},
  publisher={Elsevier}
}
@article{jones1998methodologies,
  title={Methodologies for ontology development},
  author={Jones, Dean and Bench-Capon, Trevor and Visser, Pepijn},
  year={1998},
  publisher={na}
}